@article{Fournier82,
 author = {Fournier, Alain and Fussell, Don and Carpenter, Loren},
 title = {Computer rendering of stochastic models},
 journal = {Commun. ACM},
 volume = {25},
 issue = {6},
 month = {June},
 year = {1982},
 issn = {0001-0782},
 pages = {371--384},
 numpages = {14},
 url = {http://doi.acm.org/10.1145/358523.358553},
 doi = {http://doi.acm.org/10.1145/358523.358553},
 acmid = {358553},
 publisher = {ACM},
 address = {New York, NY, USA},
 keywords = {fractals, stochastic models, terrain models},
}


@article{MandelbrotVanNess1968,
title={Fractional Brownian Motion, Fractional Noises and Applications}, volume={10}, url={http://harrisd.net/papers/Id/MandelbrotVanNess1968SIAM.pdf}, number={4}, journal={SIAM Review}, author={Mandelbrot, B B and Van Ness, J W}, year={1968}, pages={422--437}}

@article{Miller86,
 author = {Miller, Gavin S P},
 title = {The definition and rendering of terrain maps},
 journal = {SIGGRAPH Comput. Graph.},
 volume = {20},
 issue = {4},
 month = {August},
 year = {1986},
 issn = {0097-8930},
 pages = {39--48},
 numpages = {10},
 url = {http://doi.acm.org/10.1145/15886.15890},
 doi = {http://doi.acm.org/10.1145/15886.15890},
 acmid = {15890},
 publisher = {ACM},
 address = {New York, NY, USA},
} 

@inproceedings{Miller86:2
 author = {Miller, Gavin S P},
 title = {The definition and rendering of terrain maps},
 booktitle = {Proceedings of the 13th annual conference on Computer graphics and interactive techniques},
 series = {SIGGRAPH '86},
 year = {1986},
 isbn = {0-89791-196-2},
 pages = {39--48},
 numpages = {10},
 url = {http://doi.acm.org/10.1145/15922.15890},
 doi = {http://doi.acm.org/10.1145/15922.15890},
 acmid = {15890},
 publisher = {ACM},
 address = {New York, NY, USA},
}


@article{Catmull78,
title = "Recursively generated B-spline surfaces on arbitrary topological meshes",
journal = "Computer-Aided Design",
volume = "10",
number = "6",
pages = "350 - 355",
year = "1978",
note = "",
issn = "0010-4485",
doi = "10.1016/0010-4485(78)90110-0",
url = "http://www.sciencedirect.com/science/article/pii/0010448578901100",
author = "E. Catmull and J. Clark"
}

@article{Smelik09,
author = "Smelik, R.M. and de Kraker, K.J. and Tutenel, T. and Bidarra, R. and Groenewegen, S.A.",
year = "2009",
title = "A survey of procedural methods for terrain modelling",
url = {http://graphics.tudelft.nl/~ruben/RMSmelik3AMIGAS09.pdf}
}

@article{Chen11, title={Study of Real Sense Terrain Generating Based on Fractal}, volume={12}, url={http://linkinghub.elsevier.com/retrieve/pii/S1877705811009246}, journal={Procedia Engineering}, author={Chen, Jun and Shi, Xiong}, year={2011}, pages={54--59}}

@misc{Macklem03,
author = {Grant Macklem},
title = {Computer Landscape Generation and Smoothing},
year = {2003},
url = {http://www.gantless.com/programs/macklem.pdf}
}

@inproceedings{Belhadj07,
 author = {Belhadj, Far\`{e}s},
 title = {Terrain modeling: a constrained fractal model},
 booktitle = {Proceedings of the 5th international conference on Computer graphics, virtual reality, visualisation and interaction in Africa},
 series = {AFRIGRAPH '07},
 year = {2007},
 isbn = {978-1-59593-906-7},
 location = {Grahamstown, South Africa},
 pages = {197--204},
 numpages = {8},
 url = {http://doi.acm.org/10.1145/1294685.1294717},
 doi = {http://doi.acm.org/10.1145/1294685.1294717},
 acmid = {1294717},
 publisher = {ACM},
 address = {New York, NY, USA},
 keywords = {fractals, midpoint displacement, surface modeling, surface reconstruction, terrain},
}

@book{Mandelbrot83,
  author = "Benoit B. Mandelbrot",
  title = "The Fractal Geometry of Nature",
  publisher = "W. H. Freedman and Co.",
  year = "1983",
  address = "New York"
}

@article{Perlin85,
 author = {Perlin, Ken},
 title = {An image synthesizer},
 journal = {SIGGRAPH Comput. Graph.},
 volume = {19},
 issue = {3},
 month = {July},
 year = {1985},
 issn = {0097-8930},
 pages = {287--296},
 numpages = {10},
 url = {http://doi.acm.org/10.1145/325165.325247},
 doi = {http://doi.acm.org/10.1145/325165.325247},
 acmid = {325247},
 publisher = {ACM},
 address = {New York, NY, USA},
 keywords = {algorithm development, fire, functional composition, interactive, pixel stream editor, solid texture, space function, stochastic modelling, turbulence, waves},
} 

@article{Olsen04, title={Realtime Procedural Terrain Generation - Realtime Synthesis of Eroded Fractal Terrain for Use in Computer Games}, journal={Department of Mathematics And Computer Science IMADA University of Southern Denmark}, author={Olsen, Jacob}, year={2004}}

@article{Stachniak05, title={An algorithm for automated fractal terrain deformation}, volume={1}, url={http://citeseerx.ist.psu.edu/viewdoc/download?doi=10.1.1.59.548&rep=rep1&type=pdf}, journal={Work}, publisher={Citeseer}, author={Stachniak, S and Stuerzlinger, W}, year={2005}, pages={64â€“76}}

@inbook{Schneider06, title={Real-time editing, synthesis, and rendering of infinite landscapes on GPUs}, url={http://books.google.com/books?hl=en&lr=&id=zndnSzkfkXwC&oi=fnd&pg=PA145&dq=real+time+editing+synthesis+and+rendering+of+infinite+landscapes+on+gpus&ots=0Wd0aCUIo6&sig=5tgTvz3EQ_seL0S9_g6soYekjds}, booktitle={Vision modeling and visualization 2006 proceedings November 2224 2006 Aachen Germany}, publisher={IOS Press}, author={Schneider, Jens and Boldte, Tobias and Westermann, R}, year={2006}, pages={145}}

@article{Zhou07,
 author = {Zhou, Howard and Sun, Jie and Turk, Greg and Rehg, James M.},
 title = {Terrain Synthesis from Digital Elevation Models},
 journal = {IEEE Transactions on Visualization and Computer Graphics},
 volume = {13},
 issue = {4},
 month = {July},
 year = {2007},
 issn = {1077-2626},
 pages = {834--848},
 numpages = {15},
 url = {http://dl.acm.org/citation.cfm?id=1263131.1263329},
 doi = {10.1109/TVCG.2007.1027},
 acmid = {1263329},
 publisher = {IEEE Educational Activities Department},
 address = {Piscataway, NJ, USA},
 keywords = {Terrain synthesis, Digital Elevation Models, terrain analysis, texture synthesis.},
}

@article{Peytavie09,
  title         = {{Arches: a Framework for Modeling Complex Terrains}},
  author        = {Adrien {Peytavie} and Eric {Galin} and Stephane {Merillou} 
    and Jerome {Grosjean}},
  year          = {2009},
  journal       = {Computer Graphics Forum (Proceedings of Eurographics)},
  volume        = {28}, 
  number        = {2}, 
  pages         = {457--468}, 
  language      = {en},
  url           = {http://liris.cnrs.fr/publis/?id=3723},
  note          = {}
}

@article{Kelley88,
 author = {Kelley, Alex D. and Malin, Michael C. and Nielson, Gregory M.},
 title = {Terrain simulation using a model of stream erosion},
 journal = {SIGGRAPH Comput. Graph.},
 volume = {22},
 issue = {4},
 month = {June},
 year = {1988},
 issn = {0097-8930},
 pages = {263--268},
 numpages = {6},
 url = {http://doi.acm.org/10.1145/378456.378519},
 doi = {http://doi.acm.org/10.1145/378456.378519},
 acmid = {378519},
 publisher = {ACM},
 address = {New York, NY, USA},
 keywords = {database amplification, drainage network simulation, erosion models, structural models, surfaces under tension},
}

@article{Prusinkiewicz93, title={A Fractal Model of Mountains with Rivers A Fractal Model of Mountains with Rivers}, url={http://scholar.google.com/scholar?hl=en&btnG=Search&q=intitle:A+Fractal+Model+of+Mountains+with+Rivers#9}, number={May}, journal={Panorama}, publisher={Citeseer}, author={Prusinkiewicz, Przemyslaw and Hammel, Mark and Tn, Canada}, year={1993}, pages={174--180}}

@inproceedings{Belhadj05,
 author = {Belhadj, Far\`{e}s and Audibert, Pierre},
 title = {Modeling landscapes with ridges and rivers: bottom up approach},
 booktitle = {Proceedings of the 3rd international conference on Computer graphics and interactive techniques in Australasia and South East Asia},
 series = {GRAPHITE '05},
 year = {2005},
 isbn = {1-59593-201-1},
 location = {Dunedin, New Zealand},
 pages = {447--450},
 numpages = {4},
 url = {http://doi.acm.org/10.1145/1101389.1101479},
 doi = {http://doi.acm.org/10.1145/1101389.1101479},
 acmid = {1101479},
 publisher = {ACM},
 address = {New York, NY, USA},
 keywords = {fractals, midpoint displacement, terrain erosion, terrain models},
}

@inproceedings{Wonka03,
 author = {Wonka, Peter and Wimmer, Michael and Sillion, Fran\c{c}ois and Ribarsky, William},
 title = {Instant architecture},
 booktitle = {ACM SIGGRAPH 2003 Papers},
 series = {SIGGRAPH '03},
 year = {2003},
 isbn = {1-58113-709-5},
 location = {San Diego, California},
 pages = {669--677},
 numpages = {9},
 url = {http://doi.acm.org/10.1145/1201775.882324},
 doi = {http://doi.acm.org/10.1145/1201775.882324},
 acmid = {882324},
 publisher = {ACM},
 address = {New York, NY, USA},
 keywords = {architecture, building design, grammars, modeling},
} 

@inproceedings{Parish01,
 author = {Parish, Yoav I. H. and M\"{u}ller, Pascal},
 title = {Procedural modeling of cities},
 booktitle = {Proceedings of the 28th annual conference on Computer graphics and interactive techniques},
 series = {SIGGRAPH '01},
 year = {2001},
 isbn = {1-58113-374-X},
 pages = {301--308},
 numpages = {8},
 url = {http://doi.acm.org/10.1145/383259.383292},
 doi = {http://doi.acm.org/10.1145/383259.383292},
 acmid = {383292},
 publisher = {ACM},
 address = {New York, NY, USA},
 keywords = {L-system, architecture, developmental models, modeling, software design, urban development},
}

@article{Muller06,
 author = {M\"{u}ller, Pascal and Wonka, Peter and Haegler, Simon and Ulmer, Andreas and Van Gool, Luc},
 title = {Procedural modeling of buildings},
 journal = {ACM Trans. Graph.},
 volume = {25},
 issue = {3},
 month = {July},
 year = {2006},
 issn = {0730-0301},
 pages = {614--623},
 numpages = {10},
 url = {http://doi.acm.org/10.1145/1141911.1141931},
 doi = {http://doi.acm.org/10.1145/1141911.1141931},
 acmid = {1141931},
 publisher = {ACM},
 address = {New York, NY, USA},
 keywords = {Chomsky grammars, L-systems, architecture, computer-aided design, procedural modeling},
}

@inproceedings{Deussen98,
 author = {Deussen, Oliver and Hanrahan, Pat and Lintermann, Bernd and M\v{e}ch, Radom\'{\i}r and Pharr, Matt and Prusinkiewicz, Przemyslaw},
 title = {Realistic modeling and rendering of plant ecosystems},
 booktitle = {Proceedings of the 25th annual conference on Computer graphics and interactive techniques},
 series = {SIGGRAPH '98},
 year = {1998},
 isbn = {0-89791-999-8},
 pages = {275--286},
 numpages = {12},
 url = {http://doi.acm.org/10.1145/280814.280898},
 doi = {http://doi.acm.org/10.1145/280814.280898},
 acmid = {280898},
 publisher = {ACM},
 address = {New York, NY, USA},
 keywords = {approximate instancing, ecosystem simulation, modeling of natural phenomena, plant model, realistic image synthesis, self-thinning, vector quantization},
}

@inproceedings{Lechner03,
    author = {Thomas Lechner and Ben Watson and Uri Wilensky},
    title = {Procedural city modeling},
    booktitle = {In 1st Midwestern Graphics Conference},
    year = {2003}
}

@inproceedings{Kelly07,
	author = {George Kelly and Hugh McCabe},
	title = {Citygen: An Interactive System for Procedural City Generation},
	booktitle = {Proceedings of GDTW 2007: The Fifth Annual International Conference in Computer Game Design and Technology},
	year = {2007},
	pages = {8--16},
	url = {http://www.citygen.net/files/citygen_gdtw07.pdf},
	address = {Liverpool, UK}
}

@article{Bruneton08, title={Real-Time Rendering and Editing of Vector-based Terrains}, volume={27}, url={http://www.blackwell-synergy.com/doi/abs/10.1111/j.1467-8659.2008.01128.x}, number={2}, journal={Computer Graphics Forum}, publisher={Wiley Online Library}, author={Bruneton, Eric and Neyret, Fabrice}, year={2008}, pages={311--320}}

@inproceedings{Groenewegen09,
	author = {S A Groenewegen and R M Smelik and K J de Kraker and R Bidarra},
	title = {Procedural City Layout Generation Based on Urban Land Use Models},
	url = {http://www.groenewegen.de/delft/thesis-final/ProceduralCityLayoutGeneration-Preprint.pdf},
	year = {2009},
	publisher = {P Alliez and Magnor M},
	booktitle = {Short Paper Proceedings of Eurographics 2009},
	pages = {45--48},
	address = {Munich, Germany}
}

@article{Weber09, title={Interactive Geometric Simulation of 4D Cities}, volume={28}, url={http://doi.wiley.com/10.1111/j.1467-8659.2009.01387.x}, number={2}, journal={Computer Graphics Forum}, publisher={Wiley Online Library}, author={Weber, Basil and MÃ¼ller, Pascal and Wonka, Peter and Gross, Markus}, year={2009}, pages={481--492}}